@article{TorOnionRouter,
    author = {Dingledine, Roger and Mathewson, Nick and Syverson, Paul},
    year = {2004},
    month = {06},
    pages = {},
    title = {Tor: The Second-Generation Onion Router},
    volume = {13},
    journal = {Paul Syverson}
}

@inproceedings{UnderstandingTor,
    author = {Mccoy, Damon and Bauer, Kevin and Grunwald, Dirk and Kohno, Tadayoshi and Sicker, Douglas},
    year = {2008},
    month = {07},
    pages = {63-76},
    title = {Shining Light in Dark Places: Understanding the Tor Network},
    isbn = {978-3-540-70629-8},
    doi = {10.1007/978-3-540-70630-4_5}
}

@online{qTox,
  title = {Official qTox website},
  url = {https://qtox.github.io/sv.html},
  urldate = {2021-04-28}
}

@online{qToxOverTor,
  title = {Tox over Tor},
  url = {https://wiki.tox.chat/users/tox_over_tor_tot},
  urldate = {2021-04-28}
}

@online{ZoomTCPandUDP,
  title = {Zoom Meetings Aren’t End-to-End Encrypted, Despite Misleading Marketing},
  url = {https://theintercept.com/2020/03/31/zoom-meeting-encryption/},
  urldate = {2021-04-28}
}

@online{TorIPv6,
  title = {Offical Tor support website, describing Tor's partial support for IPv6},
  url = {https://support.torproject.org/operators/ipv6-relay/},
  urldate = {2021-04-28}
}

@online{officialTorOverview,
  title = {Official Tor website, an overview.},
  url = {https://2019.www.torproject.org/about/overview.html.en},
  urldate = {2021-04-28}
}

@online{OBS,
  title = {Github repository for the video recording program OBS},
  url = {https://github.com/obsproject/obs-studio},
  urldate = {2021-04-30}
}

@online{TorGuard,
  title = {Why is the first IP address in my relay circuit always the same?},
  url = {https://support.torproject.org/tbb/tbb-2/},
  urldate = {2021-05-01}
}

@online{torrcmanpages,
  title = {torrc man pages},
  url = {https://manpages.debian.org/jessie/tor/torrc.5},
  urldate = {2021-05-02}
}

@inproceedings{CLAPS,
    author = {Rochet, Florentin and Wails, Ryan and Johnson, Aaron and Mittal, Prateek and Pereira, Olivier},
    title = {CLAPS: Client-Location-Aware Path Selection in Tor},
    year = {2020},
    isbn = {9781450370899},
    publisher = {Association for Computing Machinery},
    address = {New York, NY, USA},
    url = {https://dl.acm.org/doi/10.1145/3372297.3417279},
    pages = {17–34},
    numpages = {18},
    keywords = {onion routing, anonymity, tor},
    location = {Virtual Event, USA},
    series = {CCS '20}
}

@misc{wails2018tempest,
      title={Tempest: Temporal Dynamics in Anonymity Systems}, 
      author={Ryan Wails and Yixin Sun and Aaron Johnson and Mung Chiang and Prateek Mittal},
      year={2018},
      eprint={1801.01932},
      archivePrefix={arXiv},
      primaryClass={cs.CR}
}

@online{annessilower,
  title={Lower-Latency Anonymity-Latency Reduction in the Tor Network using Circuit-Level Round-Trip-Time Measurements},
  author={Annessi, R},
  url={https://publik.tuwien.ac.at/files/PubDat_237768.pdf}
}

@online{TorPathSpecification,
  title = {Tor Path Specification},
  author = {Dingledine R., Mathewson N.},
  url = {https://gitweb.torproject.org/torspec.git/tree/path-spec.txt?id=426e9ac1069ee843000aaeed9260ba4c9733af00#n184},
  urldate = {2021-05-02}
}

@inproceedings{LASTor,
  author={Akhoondi, Masoud and Yu, Curtis and Madhyastha, Harsha V.},
  booktitle={2012 IEEE Symposium on Security and Privacy}, 
  title={LASTor: A Low-Latency AS-Aware Tor Client}, 
  year={2012},
  pages={476-490},
  doi={10.1109/SP.2012.35}
 }

@INPROCEEDINGS{5684020,
  author={Chen, Fallon and Pasquale, Joseph},
  booktitle={2010 IEEE Global Telecommunications Conference GLOBECOM 2010}, 
  title={Toward Improving Path Selection in Tor}, 
  year={2010},
  pages={1-6},
  doi={10.1109/GLOCOM.2010.5684020}
 }

@inproceedings{1866345,
    author = {Tang, Can and Goldberg, Ian},
    title = {An Improved Algorithm for Tor Circuit Scheduling},
    year = {2010},
    isbn = {9781450302456},
    publisher = {Association for Computing Machinery},
    address = {New York, NY, USA},
    url = {https://doi.org/10.1145/1866307.1866345},
    doi = {10.1145/1866307.1866345},
    pages = {329–339},
    numpages = {11},
    keywords = {onion routing, latency, Tor},
    location = {Chicago, Illinois, USA},
    series = {CCS '10}
}

@inproceedings{wacek2013empirical,
  title={An Empirical Evaluation of Relay Selection in Tor.},
  author={Wacek, Chris and Tan, Henry and Bauer, Kevin S and Sherr, Micah},
  booktitle={NDss},
  year={2013}
}

@inproceedings{wang2012congestion,
  title={Congestion-aware path selection for Tor},
  author={Wang, Tao and Bauer, Kevin and Forero, Clara and Goldberg, Ian},
  booktitle={International Conference on Financial Cryptography and Data Security},
  pages={98--113},
  year={2012},
  organization={Springer}
}

@online{CLAPSgithub,
  title = {Github CLAPS source code, not available to the public.},
  url = {https://github.com/CLAPS-CCS2020},
  urldate = {2021-05-06}
}

@inproceedings{diaz2002towards,
  title={Towards measuring anonymity},
  author={Diaz, Claudia and Seys, Stefaan and Claessens, Joris and Preneel, Bart},
  booktitle={International Workshop on Privacy Enhancing Technologies},
  pages={54--68},
  year={2002},
  organization={Springer}
}

@article{guardPlacementAttacks,
author = {Gerry Wan and Aaron Johnson and Ryan Wails and Sameer Wagh and Prateek Mittal},
doi = {doi:10.2478/popets-2019-0069},
url = {https://doi.org/10.2478/popets-2019-0069},
title = {Guard Placement Attacks on Path Selection Algorithms for Tor},
journal = {Proceedings on Privacy Enhancing Technologies},
number = {4},
volume = {2019},
year = {2019},
pages = {272--291}
}

@online{latencyAnalyzer,
  title = {Java program which analyzes latencies, written specifically for this project.},
  url = {https://github.com/akerfel/latency-analyzer},
}

@online{thesisGithub,
  title = {LaTeX source and data for this project.},
  url = {https://github.com/akerfel/Tor-video-latency-thesis},
}

@online{bredbandskollen,
  title = {Ping and latency test.},
  url = {http://www.bredbandskollen.se/},
}

@inproceedings {unorderedTCPdelivery,
    author = {Michael F. Nowlan and David Isaac Wolinsky and Bryan Ford},
    title = {Reducing Latency in Tor Circuits with Unordered Delivery},
    booktitle = {3rd {USENIX} Workshop on Free and Open Communications on the Internet ({FOCI} 13)},
    year = {2013},
    address = {Washington, D.C.},
    url = {https://www.usenix.org/conference/foci13/workshop-program/presentation/nowlan},
    publisher = {{USENIX} Association},
    month = aug,
}

@misc{hawkinson1996guidelines,
  title={Guidelines for creation, selection, and registration of an Autonomous System (AS)},
  author={Hawkinson, John and Bates, Tony},
  year={1996},
  publisher={RFC 1930, March},
  url={https://www.hjp.at/doc/rfc/rfc1930.html#sec_3}
}

% TOR METRICS
@online{TorMetricsIPv6,
  title = {Official Tor metrics, the amount of relays that support IPv4 and IPv6.},
  url = {https://metrics.torproject.org/relays-ipv6.html},
  urldate = {2021-04-28}
}

@online{TorRelaySearch,
  title = {Offical Tor metrics, information about all currently active Tor relays},
  url = {https://metrics.torproject.org/rs.html},
  urldate = {2021-05-02}
}

@online{TorRelaysByCountry,
  title = {Offical Tor metrics, the amount Tor relays available in each country.},
  url = {https://metrics.torproject.org/rs.html#aggregate/cc},
  urldate = {2021-05-11}
}

@online{TotalAmountTorRelays,
  title = {Offical Tor metrics, total amount of currently running Tor relays},
  url = {https://metrics.torproject.org/rs.html#aggregate/all/running:true%20},
  urldate = {2021-05-11}
}

@online{tormetricsUserStats,
  title = {Offical Tor metrics, user stats for Tor},
  url = {https://metrics.torproject.org/userstats-relay-country.html},
  urldate = {2021-05-08}
}

@online{tormetricsAboutUserMetrics,
  title = {Offical Tor metrics, how user stats are collected},
  url = {https://metrics.torproject.org/reproducible-metrics.html#users},
  urldate = {2021-05-08}
}

@online{signal,
  title = {Official Signal site},
  url = {https://signal.org/},
  urldate = {2021-06-03}
}

@online{signalPeerToPeer,
  title = {Official Signal site, describing that video calls are end-to-end encrypted},
  url = {https://support.signal.org/hc/en-us/articles/360007060492-Voice-or-Video-Calling},
  urldate = {2021-06-03}
}

@article{cohn2020formalsecurity,
  title={A formal security analysis of the signal messaging protocol},
  author={Cohn-Gordon, Katriel and Cremers, Cas and Dowling, Benjamin and Garratt, Luke and Stebila, Douglas},
  journal={Journal of Cryptology},
  volume={33},
  number={4},
  pages={1914--1983},
  year={2020},
  publisher={Springer}
}

@inproceedings{hill2009measuring,
  title={Measuring latency for video surveillance systems},
  author={Hill, Rhys and Madden, Christopher and van den Hengel, Anton and Detmold, Henry and Dick, Anthony},
  booktitle={2009 digital image computing: techniques and applications},
  pages={89--95},
  year={2009},
  organization={IEEE}
}

@inproceedings{sielhorst2007measurement,
  title={Measurement of absolute latency for video see through augmented reality},
  author={Sielhorst, Tobias and Sa, Wu and Khamene, Ali and Sauer, Frank and Navab, Nassir},
  booktitle={2007 6th IEEE and ACM International Symposium on Mixed and Augmented Reality},
  pages={215--220},
  year={2007},
  organization={IEEE}
}